<record><leader>00000cas a2200000 a 4500</leader><controlfield tag="001">21767232</controlfield><controlfield tag="008">900611c19059999iluwr ne      0   a0eng c</controlfield><datafield ind1=" " ind2=" " tag="010"><subfield code="a">sn 90054944 </subfield></datafield><datafield ind1=" " ind2=" " tag="040"><subfield code="a">NVF</subfield><subfield code="b">eng</subfield><subfield code="c">NVF</subfield><subfield code="d">DLC</subfield><subfield code="d">NVF</subfield><subfield code="d">OCLCQ</subfield><subfield code="d">NVF</subfield><subfield code="d">OCLCF</subfield><subfield code="d">NVF</subfield><subfield code="d">OCL</subfield><subfield code="d">OCLCO</subfield></datafield><datafield ind1="1" ind2=" " tag="029"><subfield code="a">AU@</subfield><subfield code="b">000020596523</subfield></datafield><datafield ind1=" " ind2=" " tag="042"><subfield code="a">pcc</subfield></datafield><datafield ind1=" " ind2=" " tag="043"><subfield code="a">n-us-il</subfield></datafield><datafield ind1="0" ind2="4" tag="245"><subfield code="a">The Arthur graphic-clarion.</subfield></datafield><datafield ind1="3" ind2=" " tag="246"><subfield code="a">Arthur graphic clarion</subfield></datafield><datafield ind1=" " ind2=" " tag="260"><subfield code="a">Arthur, Ill. :</subfield><subfield code="b">Bigelow &amp; Rigney,</subfield><subfield code="c">1905-</subfield></datafield><datafield ind1=" " ind2=" " tag="300"><subfield code="a">v.</subfield></datafield><datafield ind1=" " ind2=" " tag="310"><subfield code="a">Weekly</subfield></datafield><datafield ind1="0" ind2=" " tag="362"><subfield code="a">Vol. 19, no. 25 (Nov. 3, 1905)-v. 19, no. 27 (Nov. 17, 1905) ; v. 1, no. 4 (Nov. 24, 1905)-</subfield></datafield><datafield ind1=" " ind2=" " tag="500"><subfield code="a">"Serving Eastern Moultrie, Western Douglas, and Southern Piatt Counties."</subfield></datafield><datafield ind1=" " ind2=" " tag="580"><subfield code="a">Formed by the union of: Arthur graphic and: Arthur clarion.</subfield></datafield><datafield ind1=" " ind2=" " tag="588"><subfield code="a">Latest issue consulted: Vol. 102, no. 8 (Feb. 21, 2008).</subfield></datafield><datafield ind1=" " ind2="0" tag="651"><subfield code="a">Moultrie County (Ill.)</subfield><subfield code="v">Newspapers.</subfield></datafield><datafield ind1=" " ind2="0" tag="651"><subfield code="a">Douglas County (Ill.)</subfield><subfield code="v">Newspapers.</subfield></datafield><datafield ind1=" " ind2="0" tag="651"><subfield code="a">Piatt County (Ill.)</subfield><subfield code="v">Newspapers.</subfield></datafield><datafield ind1=" " ind2="7" tag="651"><subfield code="a">Illinois</subfield><subfield code="z">Douglas County.</subfield><subfield code="2">fast</subfield><subfield code="0">(OCoLC)fst01213239</subfield></datafield><datafield ind1=" " ind2="7" tag="651"><subfield code="a">Illinois</subfield><subfield code="z">Moultrie County.</subfield><subfield code="2">fast</subfield><subfield code="0">(OCoLC)fst01208252</subfield></datafield><datafield ind1=" " ind2="7" tag="651"><subfield code="a">Illinois</subfield><subfield code="z">Piatt County.</subfield><subfield code="2">fast</subfield><subfield code="0">(OCoLC)fst01215006</subfield></datafield><datafield ind1=" " ind2="7" tag="655"><subfield code="a">Newspapers.</subfield><subfield code="2">fast</subfield><subfield code="0">(OCoLC)fst01423814</subfield></datafield><datafield ind1=" " ind2=" " tag="752"><subfield code="a">United States</subfield><subfield code="b">Illinois</subfield><subfield code="c">Douglas</subfield><subfield code="d">Arthur.</subfield></datafield><datafield ind1="1" ind2="4" tag="780"><subfield code="t">Arthur graphic</subfield><subfield code="w">(DLC)sn 90054942</subfield><subfield code="w">(OCoLC)21766913</subfield></datafield><datafield ind1="1" ind2="4" tag="780"><subfield code="t">Arthur clarion</subfield><subfield code="w">(DLC)sn 90054943</subfield><subfield code="w">(OCoLC)21767064</subfield></datafield></record>